
@misc{python,
  author   = {N. N.},
  title    = {3.10.4 {Documentation}},
  url      = {https://docs.python.org/3/},
  addendum = {abgerufen am 27.04.2022}
}

@misc{docker_setup,
  author   = {N. N.},
  title    = {Orientation and setup},
  url      = {https://docs.docker.com/get-started/},
  abstract = {Get oriented on some basics of Docker and install Docker Desktop.},
  language = {en},
  addendum = {abgerufen am 27.04.2022},
  journal  = {Docker Documentation},
  month    = apr,
  year     = {2022}
}

@misc{docker_install,
  author   = {N. N.},
  title    = {Install {Docker} {Engine}},
  url      = {https://docs.docker.com/engine/install/},
  abstract = {Lists the installation methods},
  language = {en},
  addendum = {abgerufen am 27.04.2022},
  journal  = {Docker Documentation},
  month    = apr,
  year     = {2022}
}

@misc{raspberry_wlan,
  author   = {N. N.},
  title    = {Raspberry {Pi} als {WLAN}-{Router} einrichten ({WLAN}-{Access}-{Point})},
  url      = {https://www.elektronik-kompendium.de/sites/raspberry-pi/2002171.htm},
  addendum = {2abgerufen am 022-04-27}
}

@misc{umweltbundesamt,
  author   = {Umweltbundesamt},
  type     = {Text},
  title    = {Umweltbundesamt},
  url      = {https://www.umweltbundesamt.de/sites/default/files/medien/pdfs/kohlendioxid_2008.pdf},
  language = {de},
  addendum = {abgerufen am 27.04.2022},
  date     = {2018},
  journal  = {Umweltbundesamt}
}

@misc{co2-monitor,
  author   = {N. N.},
  title    = {{CO2}-{Monitor} {AIRCO2NTROL} {MINI}},
  url      = {https://www.tfa-dostmann.de/produkt/co2-monitor-airco2ntrol-mini-31-5006/},
  abstract = {Wer gute Luft atmet, ist gesünder, zufriedener und kann mehr leisten. Schuld an Kopfschmerzen, Schwindel und Dauermüdigkeit ist häufig eine zu hohe Konzentration an CO2 in der Luft. Mit dem AIRCO2NTROL MINI von TFA können Sie kontrollieren, wie verbraucht und verunreinigt die Luft in Räumen ist, in denen sich Personen aufhalten, z.B. Schulen, Büros, öffentliche […]},
  language = {de-DE},
  addendum = {abgerufen am 27.04.2022},
  journal  = {TFA Dostmann}
}

@misc{fastapi,
  author   = {Sebastián Ramírez},
  title    = {{FastAPI}},
  url      = {https://fastapi.tiangolo.com/},
  abstract = {FastAPI framework, high performance, easy to learn, fast to code, ready for production},
  addendum = {abgerufen am 27.04.2022}
}

@misc{sqlmodel,
  author   = {Sebastián Ramírez},
  title    = {{SQLModel}},
  url      = {https://sqlmodel.tiangolo.com/},
  abstract = {SQLModel, SQL databases in Python, designed for simplicity, compatibility, and robustness.},
  language = {en},
  addendum = {abgerufen am 27.04.2022}
}

@misc{chart.js,
  author   = {N. N.},
  title    = {Chart.js {\textbar} {Open} source {HTML5} {Charts} for your website},
  url      = {https://www.chartjs.org/},
  abstract = {Simple, clean and engaging HTML5 based JavaScript charts. Chart.js is an easy way to include animated, interactive graphs on your website for free.},
  addendum = {abgerufen am 27.04.2022}
}

@misc{reactjs,
  author       = {N. N.},
  organization = {Facebook Inc.},
  title        = {Getting {Started} – {React}},
  url          = {https://reactjs.org/docs/getting-started.html},
  abstract     = {A JavaScript library for building user interfaces},
  language     = {en},
  addendum     = {abgerufen am 27.04.2022}
}


@misc{backend_definition,
  author   = {N. N.},
  title    = {Definition {Backend} {Erklärung} {Backend}},
  url      = {http://www.softselect.de/business-software-glossar/backend},
  abstract = {Definition und Erklärung zu: Was ist Backend. Begriffsdefinition
              
              Als Backend wird der Teil eines IT-Systems bezeichnet, der sich mit der Datenverarbeitung im Hinte..},
  urldate  = {abgerufen am 05.03.2022}
}

@misc{frontend_definition,
  author   = {N. N.},
  title    = {Definition {Frontend} {Erklärung} {Frontend}},
  url      = {http://www.softselect.de/business-software-glossar/frontend},
  abstract = {Definition und Erklärung zu: Was ist Frontend. Begriffsdefinition Frontend
              
              Der Begriff Frontend dient bei komplexeren Softwarestrukturen der Unterteilung. Bei einem..},
  urldate  = {abgerufen am 05.03.2022}
}

@misc{containervirt_definition,
	title = {Was ist {Containervirtualisierung}? {Konzepte} und {Herkunft} erklärt!},
	url = {https://gridscale.io/community/glossar/was-ist-containervirtualisierung/},
	abstract = {Containervirtualisierung beschreibt ein Konzept, mit dem Anwendungen auf demselben Host voneinander isoliert werden können. Wozu ist das gut?},
	language = {de-DE},
	urldate = {abgerufen am 05.05.2022},
}

@misc{api_definition,
	title = {Was ist eine API? - Definition im IT-Lexikon},
	url = {https://it-service.network/it-lexikon/api},
	abstract = {API ist die Abkürzung für „application programming interface“ und der gängige Fachbegriff für eine Programmierschnittstelle, auch Anwendungsschnittstelle genannt.},
	language = {de-DE},
	urldate = {abgerufen am 05.05.2022},
}

@misc{github_co2meter,
  author   = {Vladimir Filimonov },
  title    = {CO2meter},
  url      = {https://github.com/vfilimonov/co2meter},
  abstract = {CO2meter is a Python interface to the USB CO2 monitor with monitoring and logging tools, flask web-server for visualization and Apple HomeKit compatibility.},
  urldate  = {abgerufen am 05.03.2022}
}

@misc{get_usb_hidraw,
  title    = {Matching /dev/hidraw* devices with physical devices},
  url      = {https://arvchristos.github.io/post/matching-dev-hidraw-devices-with-physical-devices/},
  abstract = {During development of ContourUSB device driver (I’ ve dedicated a post for this one) I had a hard time detecting the hidraw device created for the meter. I’ ve been suggested to just print all available hidraw devices (pseudo files), then plug the meter and re-print hidraw devices to detect which one was just created. While this worked I wasn’t really thrilled with the approach. So I created this simple following script.},
  language = {en},
  urldate  = {2022-05-04},
  journal  = {arvchristos},
  month    = oct,
  year     = {2019}
}

@misc{ASR,
  author   = {DGUV e. V.},
  type     = {Text},
  title    = {ASR A3.6},
  url      = {https://www.baua.de/DE/Angebote/Rechtstexte-und-Technische-Regeln/Regelwerk/ASR/pdf/ASR-A3-6.pdf?__blob=publicationFile&v=1},
  language = {de},
  addendum = {abgerufen am 03.05.2022},
  date     = {2018}
}

@misc{din_en_16798,
  author   = {DIN e. V.},
  type     = {Text},
  title    = {DIN EN 16798-1:2021-04},
  language = {de},
  abstract = {Energetische Bewertung von Gebäuden - Lüftung von Gebäuden - Teil 3: Lüftung von Nichtwohngebäuden - Leistungsanforderungen an Lüftungs- und Klimaanlagen und Raumkühlsysteme},
  addendum = {abgerufen am 03.05.2022},
  date     = {2017}
}

@article{kajtar,
  author   = {Kajtár, Lázló and Herczeg, Levente},
  type     = {Text},
  title    = {Influence of carbon-dioxide concentration on humen well-being and intensity of mental work},
  url      = {https://www.researchgate.net/profile/Laszlo-Kajtar/publication/231558578_Influence_of_carbon-dioxide_concentration_on_human_well-being_and_intensity_of_mental_work/links/0912f506c5e44909eb000000/Influence-of-carbon-dioxide-concentration-on-human-well-being-and-intensity-of-mental-work.pdf},
  language = {en},
  addendum = {abgerufen am 03.05.2022},
  date     = {2012},
  pages    = {145--169},
  volume   = {116},
  number   = {2},
  journal  = {QJ Hung. Meteorol. Serv}
}

@article{zhang,
  title   = {The effects of elevated carbon dioxide concentration and mental workload on task performance in an enclosed environmental chamber},
  journal = {Building and Environment},
  volume  = {178},
  pages   = {106938},
  year    = {2020},
  issn    = {0360-1323},
  doi     = {https://doi.org/10.1016/j.buildenv.2020.106938},
  url     = {https://www.sciencedirect.com/science/article/pii/S0360132320302973},
  author  = {Jie Zhang and Liping Pang and Xiaodong Cao and Xiaoru Wanyan and Xin Wang and Jin Liang and Liang Zhang}
}

@article{myhrvold,
  title    = {Indoor environment in schools--pupils health and performance in regard to CO2 concentrations},
  author   = {Myhrvold, AN and Olsen, E and Lauridsen, O},
  journal  = {Indoor Air},
  volume   = {96},
  number   = {4},
  pages    = {369--371},
  addendum = {abgerufen am 03.05.2022},
  year     = {1996}
}

@book{tiesler,
  title    = {Gesundheitsfördernde Einflüsse auf das Leistungsvermögen im schulischen Unterricht},
  author   = {Tiesler G and Schönwälder H and Ströver, F},
  addendum = {abgerufen am 03.05.2022},
  isbn     = {978-3.86509-916-7},
  year     = {2008}
}

@misc{github,
  title     = {{GitHub}},
  copyright = {Creative Commons Attribution-ShareAlike License},
  url       = {https://de.wikipedia.org/w/index.php?title=GitHub&oldid=221919304},
  abstract  = {GitHub ist ein netzbasierter Dienst zur Versionsverwaltung für Software-Entwicklungsprojekte. Namensgebend war das Versionsverwaltungssystem Git. Das Unternehmen GitHub, Inc. hat seinen Sitz in San Francisco in den USA. Seit dem 26. Dezember 2018 gehört das Unternehmen zu Microsoft.
               Ähnliche Dienste sind GitLab, Bitbucket und Gitee.},
  language  = {de},
  urldate   = {2022-05-05},
  journal   = {Wikipedia},
  month     = apr,
  year      = {2022},
  note      = {Page Version ID: 221919304}
}