@online{wiki:python,
  title        = {Python (Programmiersprache)},
  organization = {Wikimedia Foundation Inc.},
  date         = {2021},
  addendum     = {abgerufen am 17.11.2021},
  url          = {https://de.wikipedia.org/wiki/Python_(Programmiersprache)},
  keywords     = {untrusted}
}

@online{coursera:pythonPopularity,
  title        = {What Is Python Used For? A Beginner’s Guide},
  organization = {Coursera Inc.},
  date         = {2021},
  addendum     = {abgerufen am 24.09.2020},
  url          = {https://www.coursera.org/articles/what-is-python-used-for-a-beginners-guide-to-using-python},
  keywords     = {untrusted}
}

@online{test:test,
  title        = {What Is Python Used For? A Beginner’s Guide},
  organization = {Coursera Inc.},
  date         = {2021},
  addendum     = {abgerufen am 24.09.2020},
  url          = {https://www.coursera.org/articles/what-is-python-used-for-a-beginners-guide-to-using-python},
  keywords     = {untrusted}
}