
@misc{python,
	title = {3.10.4 {Documentation}},
	url = {https://docs.python.org/3/},
	urldate = {2022-04-27},
}

@misc{docker_setup,
	title = {Orientation and setup},
	url = {https://docs.docker.com/get-started/},
	abstract = {Get oriented on some basics of Docker and install Docker Desktop.},
	language = {en},
	urldate = {2022-04-27},
	journal = {Docker Documentation},
	month = apr,
	year = {2022},
}

@misc{docker_install,
	title = {Install {Docker} {Engine}},
	url = {https://docs.docker.com/engine/install/},
	abstract = {Lists the installation methods},
	language = {en},
	urldate = {2022-04-27},
	journal = {Docker Documentation},
	month = apr,
	year = {2022},
}

@misc{raspberry_wlan,
	title = {Raspberry {Pi} als {WLAN}-{Router} einrichten ({WLAN}-{Access}-{Point})},
	url = {https://www.elektronik-kompendium.de/sites/raspberry-pi/2002171.htm},
	urldate = {2022-04-27},
}

@misc{umweltbundesamt,
	type = {Text},
	title = {Umweltbundesamt},
	url = {https://www.umweltbundesamt.de},
	abstract = {Das Umweltbundesamt (UBA) ist Deutschlands zentrale Umweltbehörde und forscht, berät und informiert zu zahlreichen Fragen des Umweltschutzes und zu Umwelt \& Gesundheit.},
	language = {de},
	urldate = {2022-04-27},
	journal = {Umweltbundesamt},
	author = {{Umweltbundesamt}},
}

@misc{co2-monitor,
	title = {{CO2}-{Monitor} {AIRCO2NTROL} {MINI}},
	url = {https://www.tfa-dostmann.de/produkt/co2-monitor-airco2ntrol-mini-31-5006/},
	abstract = {Wer gute Luft atmet, ist gesünder, zufriedener und kann mehr leisten. Schuld an Kopfschmerzen, Schwindel und Dauermüdigkeit ist häufig eine zu hohe Konzentration an CO2 in der Luft. Mit dem AIRCO2NTROL MINI von TFA können Sie kontrollieren, wie verbraucht und verunreinigt die Luft in Räumen ist, in denen sich Personen aufhalten, z.B. Schulen, Büros, öffentliche […]},
	language = {de-DE},
	urldate = {2022-04-27},
	journal = {TFA Dostmann},
}

@misc{fastapi,
	title = {{FastAPI}},
	url = {https://fastapi.tiangolo.com/},
	abstract = {FastAPI framework, high performance, easy to learn, fast to code, ready for production},
	urldate = {2022-04-27},
}

@misc{sqlmodel,
	title = {{SQLModel}},
	url = {https://sqlmodel.tiangolo.com/},
	abstract = {SQLModel, SQL databases in Python, designed for simplicity, compatibility, and robustness.},
	language = {en},
	urldate = {2022-04-27},
}

@misc{chart.js,
	title = {Chart.js {\textbar} {Open} source {HTML5} {Charts} for your website},
	url = {https://www.chartjs.org/},
	abstract = {Simple, clean and engaging HTML5 based JavaScript charts. Chart.js is an easy way to include animated, interactive graphs on your website for free.},
	urldate = {2022-04-27},
}

@misc{reactjs,
	title = {Getting {Started} – {React}},
	url = {https://reactjs.org/docs/getting-started.html},
	abstract = {A JavaScript library for building user interfaces},
	language = {en},
	urldate = {2022-04-27},
}
